<record><leader>00000cas a22000007a 4500</leader><controlfield tag="001">31020080</controlfield><controlfield tag="008">940826d18711872mauwr ne      0    0eng d</controlfield><datafield ind1=" " ind2=" " tag="010"><subfield code="a">sn 94055818 </subfield></datafield><datafield ind1=" " ind2=" " tag="040"><subfield code="a">MGN</subfield><subfield code="b">eng</subfield><subfield code="c">MGN</subfield><subfield code="d">UKMGB</subfield><subfield code="d">OCLCQ</subfield></datafield><datafield ind1="7" ind2=" " tag="016"><subfield code="a">009862981</subfield><subfield code="2">Uk</subfield></datafield><datafield ind1=" " ind2=" " tag="042"><subfield code="a">msc</subfield></datafield><datafield ind1="0" ind2="0" tag="245"><subfield code="a">Ipswich advance.</subfield></datafield><datafield ind1=" " ind2=" " tag="260"><subfield code="a">Ipswich, Mass. :</subfield><subfield code="b">E.B. Putnam &amp; Co.</subfield></datafield><datafield ind1=" " ind2=" " tag="300"><subfield code="a">v.</subfield></datafield><datafield ind1=" " ind2=" " tag="310"><subfield code="a">Weekly</subfield></datafield><datafield ind1="0" ind2=" " tag="362"><subfield code="a">Vol. 1, no. 1 (July 3, 1871)-v. 1, no. 36 (Mar. 9, 1872).</subfield></datafield><datafield ind1=" " ind2=" " tag="752"><subfield code="a">United States</subfield><subfield code="b">Massachusetts</subfield><subfield code="c">Essex</subfield><subfield code="d">Ipswich.</subfield></datafield><datafield ind1="0" ind2="0" tag="785"><subfield code="t">Ipswich chronicle (Ipswich, Mass. : 1872)</subfield><subfield code="w">(DLC)sn 83020242</subfield></datafield></record>